@article{Fei2019,
	author = {Yu, Fei and Li, Lixiang and Tang, Qiang and Cai, Shuo and Song, Yun and Xu, Quan},
	doi = {10.1155/2019/2545123},
	journal = {Discrete Dynamics in Nature and Society},
	pages = {2545123},
	publisher = {Hindawi},
	title = {A Survey on True Random Number Generators Based on Chaos},
	ty = {JOUR},
	url = {https://doi.org/10.1155/2019/2545123},
	volume = {2019},
	year = {2019}
	}
	
@article{10.2307/43707814,
 ISSN = {00030996},
 URL = {http://www.jstor.org/stable/43707814},
 author = {Scott Aaronson},
 journal = {American Scientist},
 number = {4},
 pages = {266--271},
 publisher = {Sigma Xi, The Scientific Research Society},
 title = {Technologue: Quantum Randomness},
 volume = {102},
 year = {2014}
}


@book{Lorenz1995,
      title     = "The Essence of Chaos",
      author    = "E. N. Lorenz",
      year      = 1993,
      pages = {134},
      publisher = "U. Washington Press",
      address   = "Seattle"
      }
      
@article{doi:10.1063/1.4746038,
author = {Kapitaniak,M.  and Strzalko,J.  and Grabski,J.  and Kapitaniak,T. },
title = {The three-dimensional dynamics of the die throw},
journal = {Chaos: An Interdisciplinary Journal of Nonlinear Science},
volume = {22},
number = {4},
pages = {047504},
year = {2012},
doi = {10.1063/1.4746038},

URL = { 
        https://doi.org/10.1063/1.4746038
}
}

@site{noise,
title = {What is signal and noise?},
journal = {Conceptually},
URL = { 
        https://conceptually.org/concepts/signal-and-noise
}
}

@paper{turing,
author = {Turing, A. M.},
title = {On Computable Numbers, with an Application to the Entscheidungsproblem},
year = {1936}
}


@article{neumann,
author = {John von Neumann},
title = {Various techniques used in connection with random digits},
journal = {Monte Carlo Method },
year = {1951}
}

@article{chance,
author = {Coveyou, R.R. },
title = {A collection of papers presented by invitation at the Symposia on Applied Probability and Monte Carlo Methods and Modern Aspects of Dynamics sponsored by the Air Force Office of Scientific Research at the 1967 National Meeting of SIAM in Washington},
journal = {Washington, D.C. Studies in Applied Mathematics},
pages = {70–111},
year = {1969},

}

@site{gof,
title = {Game of Life Explanation},
journal = {Game of Life},
URL = { 
        https://playgameoflife.com/info
}
}

@paper{sicurezza,
author = {Diego Belvedere, Alessandro Brugnola, Alessia Vennarini},
title = {Generatori di Numeri
Pseudocasuali},
year = {2009}
}

@site{microsoft,
title = {What is TPM?},
journal = {Microsoft support},
URL = { 
        https://support.microsoft.com/en-us/topic/what-is-tpm-705f241d-025d-4470-80c5-4feeb24fa1ee
}
}



@book{tpm,
      title     = "TCG Trusted Platform Module Library
Part 1: Architecture",
      author    = "TCG group",
      year      = "2019",
      pages = {47},
      publisher = "TCG Published",
    }
    
    
@site{carlo,
title = {I metodi Monte Carlo (seconda parte)},
author = {Enrico Degiuli},
journal = {Math is in the air:
Blog divulgativo sulla matematica applicata},
URL = { http://www.mathisintheair.org/wp/2015/12/i-metodi-monte-carlo-seconda-parte/
}
}    

@book{gibbon,
      title     = "Miscellaneous works of Edward Gibbon, with memoirs of his life and writings composed by himself",
      author    = "Edward Gibbon",
      year      = "1796",
      publisher = "A. Strahan and T. Cadell Jun. and W. Davies (succesors to Mr. Cadell)",
    }
    
    @site{mit,
title = {Random Walks
The Mathematics in 1 Dimension},
author = {Andrea Schmidt},
journal = {Chemotaxis
How a Small Organism Finds a Food Source },
URL = { https://www.mit.edu/~kardar/teaching/projects/chemotaxis(AndreaSchmidt)/random.htm
}
}


@article{dots,
author = {Ide, Tsuyoshi and Numata, Hidetoshi and Mizuta, Hideyuki and Taira, Yoichi and Suzuki, M. and Noguchi, M. and Katsu, Y.},
year = {2002},
month = {05},
pages = {},
title = {45.2: MoiréFree Collimating Light Guide with Low-Discrepancy Dot Patterns},
volume = {33},
journal = {Sid Symposium Digest of Technical Papers},
doi = {10.1889/1.1830168}
}

@site{org,
title = {Statistical Analysis},
journal = {Random.org True Random Number Service},
URL = {https://www.random.org/analysis/}
}

@site{allen,
title = {Pseudo-Random vs. True Random, A Simple Visual Example},
author = {Bo Allen},
URL = {https://boallen.com/random-numbers.html}
}

@article{33,
 author = {John von Neumann},
 journal = {J. Res. Nat. Bur. Stand.},
 pages = {12:36–38},
 title = {Various techniques used in connection with random
digits},
 year = {1951}
}

@book{20,
      title     = "Generatori di numeri
pseudo-casuali",
      author    = "Nicola Gigante",
      year      = "2016",
    }
    
@book{kk,
      title     = "The art of computer programming, volume 2 (3rd ed.): seminumerical algorithms",
      author    =  "Donald E. Knuth",
      year      = "1997",
      publisher = "Addison-Wesley Longman Publishing Co.",
      address   = "Boston, MA, USA"
    }
    
    
@site{gold,
title = {Statistical Tests for Random Number Generators},
author = {Michael Goldstein},
journal = {Personal blog},
URL = { https://mgold.io/2015/02/17/statistical-tests-for-random-number-generators.html
}
}

@site{bo,
title = {Pseudo-Random vs. True Random},
author = {Bo Allen},
journal = {Personal blog},
URL = { https://boallen.com/random-numbers.html
}
}

@site{well,
title = {Improving on QBasic's Random Number Generator},
author = {Chris Wellons},
journal = {Personal blog: null program},
URL = { https://nullprogram.com/blog/2020/11/17/
}
}

@article{mars,
 author = {Matsumoto, Makoto; Nishimura, Takuji },
 journal = {ACM Transactions on Modeling and Computer Simulation. ACM.},
 title = {mersenne twister a 623-dimensionally equidistributed uniform pseudo-random number generator},
 year = {1998}
}

@article{randu,
 author = {Peter Young},
 journal = {Physics 115/242},
 title = {Randu: a bad random number generator},
 year = {April 24, 2013}
}

@article{mers,
 author = {François Panneton, Pierre L’Ecuyer, and Makoto Matsumoto.},
 journal = {ACM Trans. Math. Softw.},
 title = {Improved long-period generators based on linear recurrences modulo 2},
 year = {March 2006}
}

@article{dep,
 author = {Makoto Matsumoto, Mutsuo Saito, Hiroshi Haramoto},
 journal = {Journal of Universal Computer Science, vol. 12, no. 6},
 title = {Pseudorandom Number Generation: Impossibility and Compromise},
 year = {2006}
}

@site{web,
title = {Frequently asked quesitions-Want to use for cryptography.},
author = {Makoto Matsumoto},
URL = { http://www.math.sci.hiroshima-u.ac.jp/m-mat/MT/efaq.html
}
}

@article{TAV,
 author = {ATTILIO BORIANI},
 journal = {Rend. Soc. Geol. It., 3, Nuova Serie, 9-10},
 title = {I graniti e l’Uranio (*) (Riassunto esteso)},
 year = {2006}
}